[gd_scene load_steps=12 format=3 uid="uid://bfwoq22877jck"]

[ext_resource type="PackedScene" uid="uid://baiwsrdc0aog7" path="res://Entities/Guards/Guard.tscn" id="1_143es"]
[ext_resource type="Texture2D" uid="uid://b1qkwpqeqphbq" path="res://Entities/Guards/Crew-Revolver/Crew-Revolver.png" id="2_hxob8"]
[ext_resource type="PackedScene" uid="uid://dhlug8mk05d7y" path="res://Entities/Guards/Crew-Corpse/Crew-Corpse.tscn" id="2_mkbkj"]
[ext_resource type="PackedScene" uid="uid://64rnsxgvlnye" path="res://Entities/Weapons/Gun-Revolver.tscn" id="3_k4pk7"]

[sub_resource type="CapsuleShape2D" id="CapsuleShape2D_q7lho"]
resource_local_to_scene = true
radius = 16.0
height = 48.0

[sub_resource type="Animation" id="Animation_7e8xh"]
length = 0.001
tracks/0/type = "value"
tracks/0/imported = false
tracks/0/enabled = true
tracks/0/path = NodePath("../Muzzle:energy")
tracks/0/interp = 1
tracks/0/loop_wrap = true
tracks/0/keys = {
"times": PackedFloat32Array(0),
"transitions": PackedFloat32Array(1),
"update": 0,
"values": [0.0]
}
tracks/1/type = "value"
tracks/1/imported = false
tracks/1/enabled = true
tracks/1/path = NodePath("../Muzzle/Flash:energy")
tracks/1/interp = 1
tracks/1/loop_wrap = true
tracks/1/keys = {
"times": PackedFloat32Array(0),
"transitions": PackedFloat32Array(1),
"update": 0,
"values": [0.0]
}
tracks/2/type = "value"
tracks/2/imported = false
tracks/2/enabled = true
tracks/2/path = NodePath("../BulletPath:modulate")
tracks/2/interp = 1
tracks/2/loop_wrap = true
tracks/2/keys = {
"times": PackedFloat32Array(0),
"transitions": PackedFloat32Array(1),
"update": 0,
"values": [Color(1, 1, 1, 0)]
}

[sub_resource type="Animation" id="Animation_gmvwc"]
resource_name = "Firing"
length = 1.175
step = 0.025
tracks/0/type = "method"
tracks/0/imported = false
tracks/0/enabled = true
tracks/0/path = NodePath(".")
tracks/0/interp = 1
tracks/0/loop_wrap = true
tracks/0/keys = {
"times": PackedFloat32Array(0, 0.1, 0.2, 0.3, 0.4, 0.5, 0.6, 0.7, 0.8, 0.9, 1, 1.1),
"transitions": PackedFloat32Array(1, 1, 1, 1, 1, 1, 1, 1, 1, 1, 1, 1),
"values": [{
"args": [],
"method": &"fire"
}, {
"args": [],
"method": &"fire"
}, {
"args": [],
"method": &"fire"
}, {
"args": [],
"method": &"fire"
}, {
"args": [],
"method": &"fire"
}, {
"args": [],
"method": &"fire"
}, {
"args": [],
"method": &"fire"
}, {
"args": [],
"method": &"fire"
}, {
"args": [],
"method": &"fire"
}, {
"args": [],
"method": &"fire"
}, {
"args": [],
"method": &"fire"
}, {
"args": [],
"method": &"fire"
}]
}
tracks/1/type = "value"
tracks/1/imported = false
tracks/1/enabled = true
tracks/1/path = NodePath("../Muzzle:energy")
tracks/1/interp = 1
tracks/1/loop_wrap = true
tracks/1/keys = {
"times": PackedFloat32Array(0, 0.025, 0.075, 0.1, 0.125, 0.175, 0.2, 0.225, 0.275, 0.3, 0.325, 0.375, 0.4, 0.425, 0.475, 0.5, 0.525, 0.575, 0.6, 0.625, 0.675, 0.7, 0.725, 0.775, 0.8, 0.825, 0.875, 0.9, 0.925, 0.975, 1, 1.025, 1.075, 1.1, 1.125, 1.175),
"transitions": PackedFloat32Array(1, 1, 1, 1, 1, 1, 1, 1, 1, 1, 1, 1, 1, 1, 1, 1, 1, 1, 1, 1, 1, 1, 1, 1, 1, 1, 1, 1, 1, 1, 1, 1, 1, 1, 1, 1),
"update": 0,
"values": [1.5, 0.0, 0.0, 1.5, 0.0, 0.0, 1.5, 0.0, 0.0, 1.5, 0.0, 0.0, 1.5, 0.0, 0.0, 1.5, 0.0, 0.0, 1.5, 0.0, 0.0, 1.5, 0.0, 0.0, 1.5, 0.0, 0.0, 1.5, 0.0, 0.0, 1.5, 0.0, 0.0, 1.5, 0.0, 0.0]
}
tracks/2/type = "value"
tracks/2/imported = false
tracks/2/enabled = true
tracks/2/path = NodePath("../Muzzle/Flash:energy")
tracks/2/interp = 1
tracks/2/loop_wrap = true
tracks/2/keys = {
"times": PackedFloat32Array(0, 0.05, 0.075, 0.1, 0.15, 0.175, 0.2, 0.25, 0.275, 0.3, 0.35, 0.375, 0.4, 0.45, 0.475, 0.5, 0.55, 0.575, 0.6, 0.65, 0.675, 0.7, 0.75, 0.775, 0.8, 0.85, 0.875, 0.9, 0.95, 0.975, 1, 1.05, 1.075, 1.1, 1.15, 1.175),
"transitions": PackedFloat32Array(1, 1, 1, 1, 1, 1, 1, 1, 1, 1, 1, 1, 1, 1, 1, 1, 1, 1, 1, 1, 1, 1, 1, 1, 1, 1, 1, 1, 1, 1, 1, 1, 1, 1, 1, 1),
"update": 0,
"values": [2.0, 0.0, 0.0, 2.0, 0.0, 0.0, 2.0, 0.0, 0.0, 2.0, 0.0, 0.0, 2.0, 0.0, 0.0, 2.0, 0.0, 0.0, 2.0, 0.0, 0.0, 2.0, 0.0, 0.0, 2.0, 0.0, 0.0, 2.0, 0.0, 0.0, 2.0, 0.0, 0.0, 2.0, 0.0, 0.0]
}
tracks/3/type = "value"
tracks/3/imported = false
tracks/3/enabled = true
tracks/3/path = NodePath("../BulletPath:modulate")
tracks/3/interp = 1
tracks/3/loop_wrap = true
tracks/3/keys = {
"times": PackedFloat32Array(0, 0.075, 0.1, 0.175, 0.2, 0.275, 0.3, 0.375, 0.4, 0.475, 0.5, 0.575, 0.6, 0.675, 0.7, 0.775, 0.8, 0.875, 0.9, 0.975, 1, 1.075, 1.1, 1.175),
"transitions": PackedFloat32Array(1, 1, 1, 1, 1, 1, 1, 1, 1, 1, 1, 1, 1, 1, 1, 1, 1, 1, 1, 1, 1, 1, 1, 1),
"update": 0,
"values": [Color(1, 1, 1, 1), Color(1, 1, 1, 0.647059), Color(1, 1, 1, 1), Color(1, 1, 1, 0.647059), Color(1, 1, 1, 1), Color(1, 1, 1, 0.647059), Color(1, 1, 1, 1), Color(1, 1, 1, 0.647059), Color(1, 1, 1, 1), Color(1, 1, 1, 0.647059), Color(1, 1, 1, 1), Color(1, 1, 1, 0.647059), Color(1, 1, 1, 1), Color(1, 1, 1, 0.647059), Color(1, 1, 1, 1), Color(1, 1, 1, 0.647059), Color(1, 1, 1, 1), Color(1, 1, 1, 0.647059), Color(1, 1, 1, 1), Color(1, 1, 1, 0.647059), Color(1, 1, 1, 1), Color(1, 1, 1, 0.647059), Color(1, 1, 1, 1), Color(1, 1, 1, 0.647059)]
}
tracks/4/type = "value"
tracks/4/imported = false
tracks/4/enabled = true
tracks/4/path = NodePath("../LineOfSight/LineOfFire:enabled")
tracks/4/interp = 1
tracks/4/loop_wrap = true
tracks/4/keys = {
"times": PackedFloat32Array(0, 0.05, 0.1, 0.15, 0.2, 0.25, 0.3, 0.35, 0.4, 0.45, 0.5, 0.55, 0.6, 0.65, 0.7, 0.75, 0.8, 0.85, 0.9, 0.95, 1, 1.05, 1.1, 1.15),
"transitions": PackedFloat32Array(1, 1, 1, 1, 1, 1, 1, 1, 1, 1, 1, 1, 1, 1, 1, 1, 1, 1, 1, 1, 1, 1, 1, 1),
"update": 1,
"values": [true, false, true, false, true, false, true, false, true, false, true, false, true, false, true, false, true, false, true, false, true, false, true, false]
}

[sub_resource type="AnimationLibrary" id="AnimationLibrary_3c7i6"]
_data = {
&"RESET": SubResource("Animation_7e8xh"),
&"Firing": SubResource("Animation_gmvwc")
}

[sub_resource type="Animation" id="Animation_eawy5"]
resource_name = "RESET"
length = 0.001
loop_mode = 1
step = 0.025
tracks/0/type = "value"
tracks/0/imported = false
tracks/0/enabled = true
tracks/0/path = NodePath("../Muzzle:energy")
tracks/0/interp = 1
tracks/0/loop_wrap = true
tracks/0/keys = {
"times": PackedFloat32Array(0),
"transitions": PackedFloat32Array(1),
"update": 0,
"values": [0.0]
}
tracks/1/type = "value"
tracks/1/imported = false
tracks/1/enabled = true
tracks/1/path = NodePath("../Muzzle/Flash:energy")
tracks/1/interp = 1
tracks/1/loop_wrap = true
tracks/1/keys = {
"times": PackedFloat32Array(0),
"transitions": PackedFloat32Array(1),
"update": 0,
"values": [0.0]
}
tracks/2/type = "value"
tracks/2/imported = false
tracks/2/enabled = true
tracks/2/path = NodePath("../BulletPath:modulate")
tracks/2/interp = 1
tracks/2/loop_wrap = true
tracks/2/keys = {
"times": PackedFloat32Array(0),
"transitions": PackedFloat32Array(1),
"update": 0,
"values": [Color(1, 1, 1, 0)]
}
tracks/3/type = "value"
tracks/3/imported = false
tracks/3/enabled = true
tracks/3/path = NodePath("../LineOfSight/LineOfFire:enabled")
tracks/3/interp = 1
tracks/3/loop_wrap = true
tracks/3/keys = {
"times": PackedFloat32Array(0),
"transitions": PackedFloat32Array(1),
"update": 1,
"values": [false]
}

[sub_resource type="Animation" id="Animation_fdmf3"]
resource_name = "Firing"
step = 0.025
tracks/0/type = "method"
tracks/0/imported = false
tracks/0/enabled = true
tracks/0/path = NodePath(".")
tracks/0/interp = 1
tracks/0/loop_wrap = true
tracks/0/keys = {
"times": PackedFloat32Array(0),
"transitions": PackedFloat32Array(1),
"values": [{
"args": [],
"method": &"fire"
}]
}
tracks/1/type = "value"
tracks/1/imported = false
tracks/1/enabled = true
tracks/1/path = NodePath("../Muzzle:energy")
tracks/1/interp = 1
tracks/1/loop_wrap = true
tracks/1/keys = {
"times": PackedFloat32Array(0, 0.025, 1),
"transitions": PackedFloat32Array(0.5, 1, 1),
"update": 0,
"values": [1.5, 0.0, 0.0]
}
tracks/2/type = "value"
tracks/2/imported = false
tracks/2/enabled = true
tracks/2/path = NodePath("../Muzzle/Flash:energy")
tracks/2/interp = 1
tracks/2/loop_wrap = true
tracks/2/keys = {
"times": PackedFloat32Array(0, 0.05, 1),
"transitions": PackedFloat32Array(0.5, 1, 1),
"update": 0,
"values": [2.0, 0.0, 0.0]
}
tracks/3/type = "value"
tracks/3/imported = false
tracks/3/enabled = true
tracks/3/path = NodePath("../BulletPath:modulate")
tracks/3/interp = 1
tracks/3/loop_wrap = true
tracks/3/keys = {
"times": PackedFloat32Array(0, 0.075, 0.175, 0.6, 1.1),
"transitions": PackedFloat32Array(0.5, 0.5, 0.5, 1, 1),
"update": 0,
"values": [Color(1, 1, 1, 1), Color(1, 1, 1, 0.647059), Color(1, 1, 1, 0.647059), Color(1, 1, 1, 0), Color(1, 1, 1, 0)]
}
tracks/4/type = "value"
tracks/4/imported = false
tracks/4/enabled = true
tracks/4/path = NodePath("../LineOfSight/LineOfFire:enabled")
tracks/4/interp = 1
tracks/4/loop_wrap = true
tracks/4/keys = {
"times": PackedFloat32Array(0.025, 0.125),
"transitions": PackedFloat32Array(1, 1),
"update": 1,
"values": [true, false]
}

[sub_resource type="AnimationLibrary" id="AnimationLibrary_fb2tj"]
_data = {
&"RESET": SubResource("Animation_eawy5"),
&"Firing": SubResource("Animation_fdmf3")
}

[node name="Crew-Revolver" node_paths=PackedStringArray("weapon", "corpse") instance=ExtResource("1_143es")]
knockback_mult = 0.62
keep_player_distance = 220.0
moving_away = true
rotate_weight = 0.2
weapon = NodePath("Gun-Revolver")
corpse = NodePath("Crew-Corpse")

[node name="Crew-Corpse" parent="." index="0" instance=ExtResource("2_mkbkj")]
visible = false

[node name="Sprite2D" parent="." index="4"]
texture = ExtResource("2_hxob8")

[node name="LightHelmet" parent="Sprite2D" index="1"]
process_mode = 4
visible = false
position = Vector2(-1.99996, 6.00001)

[node name="CollisionShape2D" parent="." index="5"]
visible = true
shape = SubResource("CapsuleShape2D_q7lho")

[node name="Gun-Revolver" parent="." index="7" instance=ExtResource("3_k4pk7")]
position = Vector2(16, 0)

[node name="Rifle" parent="Gun-Revolver/FireFunction" index="0"]
libraries = {
&"": SubResource("AnimationLibrary_3c7i6")
}

[node name="Revolver" parent="Gun-Revolver/FireFunction" index="1"]
libraries = {
&"": SubResource("AnimationLibrary_fb2tj")
}

[node name="Light" parent="Gun-Revolver" index="2"]
position = Vector2(8, 0)
texture_scale = 1.0

[node name="VisibilityHandler" parent="." index="11"]
process_mode = 3
root_path = NodePath("..")

[editable path="Gun-Revolver"]
[editable path="VisibilityHandler"]
